01REMESSA01       COBRANCA2112151450629000174                               987         EXIMIA               0000001                                                                                                                                                                                                                                                                                  200000001
1AAA            AAA                            AA2636347      20220108 N B        00000006220000            0100009067822301220000000025189         OS0801220000         0292301220000000000000             00000000000000 00085236044480  Gabriel Osvaldo Alexandre da Conceicao                      Rua Ismael Benigno00000      0690273250000000000000000000                                         000001
1AAA            AAA                            AA2631174      20220108 N B        00000000000000            0100007735612301220000000090968         OS0801220000           02301220000000000000             00000000000000 00035290344012                       Henry Theo Araujo                   Travessa Santa Tereza00000      0412105100000000000000000000                                         000001
1AAA            AAA                            AA2118116      20220108 N B        00000008530000            0100003650762301220000000020562         OS0801220000           02301220000000000000             00000000000000 00011102320633         Julio Oliver Marcelo Corte Real                        Rua Massaranduba00000      0693073000000000000000000000                                         000001
1AAA            AAA                            AA2659134      20220108 N B        00000000000000            0100008424342301220000000009049         OS0801220000         0002301220000000000000             00000000000000 00011903491320             Murilo Edson Caue das Neves                        Avenida Jambeiro00000      0689093220000000000000000000                                         000001
1AAA            AAA                            AA2353379      20220108 N B        00000000570000            0100006352432301220000000076164         OS0801220000         0112301220000000000000             00000000000000 00031111612269                     Luan Ryan Rodrigues                             Beco Tamisa00000      0690635180000000000000000000                                         000001
1AAA            AAA                            AA2252299      20220108 N B        00000000300000            0100000383102301220000000028889         OS0801220000           02301220000000000000             00000000000000 00062420361423                      Julio Isaac Santos            Rua Nossa Senhora da Vitoria00000      0650572300000000000000000000                                         000001
1AAA            AAA                            AA2197063      20220108 N B        00000006360000            0100000953252301220000000074061         OS0801220000           02301220000000000000             00000000000000 00035343377351        Vinicius Henrique Filipe Pereira                        Via dos Narcisos00000      0068053200000000000000000000                                         000001
1AAA            AAA                            AA2820917      20220108 N B        00000000000000            0100001961602301220000000065960         OS0801220000         0002301220000000000000             00000000000000 00026906620789            Roberto Kaique Manoel da Paz                           Rua Projetada00000      0640206600000000000000000000                                         000001
1AAA            AAA                            AA2051460      20220108 N B        00000009340000            0100009652432301220000000067651         OS0801220000           02301220000000000000             00000000000000 00020811585239               Marlene Sophia Elza Sales                                 Rua 33900000      0605307500000000000000000000                                         000001
1AAA            AAA                            AA2056155      20220108 N B        00000002670000            0100005880962301220000000007461         OS0801220000         0122301220000000000000             00000000000000 00011966663420                   Isabel Eliane Freitas                             Rua Xavante00000      0660871700000000000000000000                                         000001
1AAA            AAA                            AA2606815      20220108 N B        00000000000000            0100007279392301220000000068011         OS0801220000         0002301220000000000000             00000000000000 00064964216500           Sara Eliane Aparecida Drumond                      Chacara Chacara 1500000      0725791500000000000000000000                                         000001
1AAA            AAA                            AA2865816      20220108 N B        00000001430000            0100000197352301220000000006392         OS0801220000           02301220000000000000             00000000000000 00013908341825               Yuri Tiago Bruno Oliveira                   Avenida Procopio Rola00000      0689010760000000000000000000                                         000001
1AAA            AAA                            AA2075600      20220108 N B        00000000960000            0100007020812301220000000012935         OS0801220000         0032301220000000000000             00000000000000 00058474964199     Adriana Daniela Alessandra de Paula                         Rua Bons Amigos00000      0699220120000000000000000000                                         000001
1AAA            AAA                            AA2934043      20220108 N B        00000000000000            0100007876052301220000000020151         OS0801220000           02301220000000000000             00000000000000 00007440910397               Carla Flavia Rosa da Mota             Avenida Daniel de La Touche00000      0650610200000000000000000000                                         000001
1AAA            AAA                            AA2598226      20220108 N B        00000000000000            0100002678662301220000000007640         OS0801220000         0002301220000000000000             00000000000000 00038549882224           Manoel Murilo Sebastiao Moura                   Praca Gudesteu Mendes00000      0360364300000000000000000000                                         000001
1AAA            AAA                            AA2802075      20220108 N B        00000000000000            0100005824602301220000000078327         OS0801220000           02301220000000000000             00000000000000 00019814477761              Luis Marcio Benedito Sales                            Avenida W00200000      0758051550000000000000000000                                         000001
1AAA            AAA                            AA2867249      20220108 N B        00000000000000            0100002011612301220000000067331         OS0801220000           02301220000000000000             00000000000000 00002551594804             Vitor Henry Benicio Cardoso                        Rua Julio Guerra00000      0769074140000000000000000000                                         000001
1AAA            AAA                            AA2952691      20220108 N B        00000000000000            0100008468302301220000000041786         OS0801220000         0002301220000000000000             00000000000000 00052926594445                   Gabriel Lucas Cardoso           Rua Transversal Quarenta e Um00000      0238251750000000000000000000                                         000001
1AAA            AAA                            AA2852807      20220108 N B        00000000000000            0100009353152301220000000071278         OS0801220000         0002301220000000000000             00000000000000 00061793237980                    Raquel Mirella Brito                                Rua C  200000      0570256480000000000000000000                                         000001
1AAA            AAA                            AA2430482      20220108 N B        00000009250000            0100005395462301220000000039482         OS0801220000           02301220000000000000             00000000000000 00021897530900                  Eloa Sophia Corte Real                          Avenida Cuiaba00000      0769636650000000000000000000                                         000001
1AAA            AAA                            AA2957643      20220108 N B        00000009970000            0100003855752301220000000077890         OS0801220000         0492301220000000000000             00000000000000 00072119671028        Nathan Marcelo Leonardo da Rocha                       Rua dos Diamantes00000      0291560220000000000000000000                                         000001
1AAA            AAA                            AA2041535      20220108 N B        00000002820000            0100009807502301220000000022280         OS0801220000         0142301220000000000000             00000000000000 00020378695509              Henrique Erick Renan Costa               Avenida Euclides da Cunha00000      0689012570000000000000000000                                         000001
1AAA            AAA                            AA2284646      20220108 N B        00000000000000            0100006741052301220000000007622         OS0801220000           02301220000000000000             00000000000000 00098275916143                Vicente Antonio da Rocha                         Rua Rio Tulipas00000      0535705100000000000000000000                                         000001
1AAA            AAA                            AA2097735      20220108 N B        00000001950000            0100001797502301220000000009700         OS0801220000           02301220000000000000             00000000000000 00026280092348                 Murilo Kaique Goncalves    Rua Padre Dorindo de Oliveira Matias00000      0072614400000000000000000000                                         000001
1AAA            AAA                            AA2807839      20220108 N B        00000000000000            0100008573222301220000000042943         OS0801220000         0002301220000000000000             00000000000000 00023185177894            Breno Caua Lorenzo Rodrigues                         Rua Coelho Neto00000      0291632410000000000000000000                                         000001
1AAA            AAA                            AA2928453      20220108 N B        00000006510000            0100009433932301220000000078856         OS0801220000           02301220000000000000             00000000000000 00001055696075   Filipe Pedro Henrique Raimundo Barros           Rua Raimundo da Silva Briglia00000      0693125250000000000000000000                                         000001
1AAA            AAA                            AA2225478      20220108 N B        00000000000000            0100000932412301220000000029794         OS0801220000         0002301220000000000000             00000000000000 00018881446022              Ian Mario Julio Corte RealConjunto Residencial Jose Batista de Alm00000      0570257100000000000000000000                                         000001
1AAA            AAA                            AA2915904      20220108 N B        00000000000000            0100002500712301220000000057259         OS0801220000           02301220000000000000             00000000000000 00017615644470              Ayla Jennifer Rita da Cruz            Rua Doutor Francisco Beltrao00000      0855065400000000000000000000                                         000001
1AAA            AAA                            AA2567794      20220108 N B        00000000000000            0100003351792301220000000097020         OS0801220000         0002301220000000000000             00000000000000 00034993742428                 Emanuel Lorenzo Moreira        Avenida Delfino Francisco Xavier00000      0306641900000000000000000000                                         000001
1AAA            AAA                            AA2449867      20220108 N B        00000000000000            0100002091252301220000000007690         OS0801220000         0002301220000000000000             00000000000000 00027478105009                     Levi Marcio Ribeiro                        Rua Andre Vilain00000      0880251600000000000000000000                                         000001
1AAA            AAA                            AA2856807      20220108 N B        00000000000000            0100002798092301220000000037649         OS0801220000           02301220000000000000             00000000000000 00094593840058             Iago Paulo Vicente da Silva     Rua Professora Marisa Machado David00000      0180222900000000000000000000                                         000001
1AAA            AAA                            AA2473022      20220108 N B        00000000500000            0100006145562301220000000049545         OS0801220000           02301220000000000000             00000000000000 00069814747190                  Eduarda Aparecida Melo                     Rua das Laranjeiras00000      0768115320000000000000000000                                         000001
1AAA            AAA                            AA2007541      20220108 N B        00000000000000            0100004939942301220000000012723         OS0801220000           02301220000000000000             00000000000000 00076948506984                   Teresinha Lais Mendes                     Rua Joao Lira Braga00000      0588043300000000000000000000                                         000001
1AAA            AAA                            AA2942263      20220108 N B        00000000000000            0100002182372301220000000073776         OS0801220000         0002301220000000000000             00000000000000 00002330065167              Alice Amanda Aurora Barros                          Rua Jacob Lyra00000      0133464040000000000000000000                                         000001
1AAA            AAA                            AA2215152      20220108 N B        00000003900000            0100006162492301220000000009136         OS0801220000           02301220000000000000             00000000000000 00035349410989                 Mirella Marcela Barbosa              Rua Maria da Gloria Castro00000      0360603840000000000000000000                                         000001
1AAA            AAA                            AA2638165      20220108 N B        00000000000000            0100006847992301220000000078412         OS0801220000           02301220000000000000             00000000000000 00031644770407              Henrique Raul Filipe Pires                  Rua Lea Pabst Craveiro00000      0524901300000000000000000000                                         000001
1AAA            AAA                            AA2634355      20220108 N B        00000000390000            0100005179942301220000000023357         OS0801220000           02301220000000000000             00000000000000 00025503068564           Rebeca Sophia Claudia Cardoso                                   Rua F00000      0249300080000000000000000000                                         000001
1AAA            AAA                            AA2031277      20220108 N B        00000002780000            0100002001132301220000000005644         OS0801220000         0022301220000000000000             00000000000000 00005435344212                   Camila Elaine Peixoto                      Rua Jardim do Eden00000      0690395200000000000000000000                                         000001
1AAA            AAA                            AA2815958      20220108 N B        00000004720000            0100000586402301220000000098357         OS0801220000           02301220000000000000             00000000000000 00055423211271                     Maite Sophie Galvao                                   Rua 400000      0778148060000000000000000000                                         000001
1AAA            AAA                            AA2803610      20220108 N B        00000009160000            0100006168752301220000000032782         OS0801220000         0272301220000000000000             00000000000000 00070751126195         Rosangela Maya Mariah Goncalves                        Travessa Anhanga00000      0417705700000000000000000000                                         000001
1AAA            AAA                            AA2260282      20220108 N B        00000006500000            0100007469892301220000000008690         OS0801220000         0302301220000000000000             00000000000000 00062801611026             Jorge Severino Calebe Porto                           Rua Luiz Noya00000      0261131500000000000000000000                                         000001
1AAA            AAA                            AA2894640      20220108 N B        00000000710000            0100000337702301220000000079128         OS0801220000         0012301220000000000000             00000000000000 00088630820659               Diego Samuel Nelson Ramos           Travessa Isaac Jose Rodrigues00000      0490374560000000000000000000                                         000001
1AAA            AAA                            AA2900207      20220108 N B        00000004240000            0100007469402301220000000080167         OS0801220000           02301220000000000000             00000000000000 00096699265725                    Leandro Ryan Moreira                  Rua Adolpho Bressanini00000      0890705440000000000000000000                                         000001
1AAA            AAA                            AA2680306      20220108 N B        00000006670000            0100005829612301220000000029854         OS0801220000           02301220000000000000             00000000000000 00019357524053                     Leonardo Luan Porto                   Rua Leocadio Carlesso00000      0291954330000000000000000000                                         000001
1AAA            AAA                            AA2056061      20220108 N B        00000003720000            0100003070712301220000000092657         OS0801220000           02301220000000000000             00000000000000 00001439066230                     Lucca Daniel Mendes                     Rua Ataide Henrique00000      0573087180000000000000000000                                         000001
1AAA            AAA                            AA2616157      20220108 N B        00000008380000            0100000386692301220000000073866         OS0801220000           02301220000000000000             00000000000000 00041006509909        Eduarda Maya Pietra da Conceicao        Alameda Domingos Afonso Mafrense00000      0640047700000000000000000000                                         000001
1AAA            AAA                            AA2637195      20220108 N B        00000008770000            0100009055662301220000000006018         OS0801220000           02301220000000000000             00000000000000 00094224438810          Nicolas Miguel Augusto da Cruz                  Avenida Venezuela 137800000      0693049700000000000000000000                                         000001
1AAA            AAA                            AA2820095      20220108 N B        00000008120000            0100000246882301220000000075980         OS0801220000           02301220000000000000             00000000000000 00041735817422              Alicia Bianca Alice Barros                     Rua Francisco Pinto00000      0576083000000000000000000000                                         000001
1AAA            AAA                            AA2083979      20220108 N B        00000000000000            0100004434002301220000000074213         OS0801220000           02301220000000000000             00000000000000 00039710763199               Elza Kamilly Sara Moreira                       Rua Dois Coracoes00000      0291442750000000000000000000                                         000001
1AAA            AAA                            AA2036120      20220108 N B        00000007130000            0100000547632301220000000025712         OS0801220000         0232301220000000000000             00000000000000 00001080358080    Murilo Vicente Pedro Henrique Vieira                    Travessa da Soledade00000      0668110250000000000000000000                                         000001
1AAA            AAA                            AA2580456      20220108 N B        00000004390000            0100005447822301220000000016242         OS0801220000         0062301220000000000000             00000000000000 00085423737230               Alessandra Sophia da Cruz                             Vila Casais00000      0401007800000000000000000000                                         000001
1AAA            AAA                            AA2396504      20220108 N B        00000002770000            0100001190302301220000000080110         OS0801220000           02301220000000000000             00000000000000 00072049352760          Laura Brenda Sebastiana Farias                1 Travessa Campos Franca00000      0407501080000000000000000000                                         000001
1AAA            AAA                            AA2815326      20220108 N B        00000007320000            0100000186192301220000000039420         OS0801220000           02301220000000000000             00000000000000 00087846630814                Fabiana Silvana Oliveira                  Beco Carpinteiro Peres00000      0690206900000000000000000000                                         000001
1AAA            AAA                            AA2763726      20220108 N B        00000000000000            0100000178652301220000000033748         OS0801220000         0002301220000000000000             00000000000000 00056804649265               Julia Alessandra Silveira                Rua Antonio Jose de Melo00000      0596314810000000000000000000                                         000001
1AAA            AAA                            AA2875414      20220108 N B        00000000000000            0100005162322301220000000069184         OS0801220000           02301220000000000000             00000000000000 00086603338700           Anthony Victor Benicio Araujo                         Estrada Parolin00000      0870477710000000000000000000                                         000001
1AAA            AAA                            AA2652614      20220108 N B        00000000000000            0100006931162301220000000029738         OS0801220000         0002301220000000000000             00000000000000 00028742622859               Noah Victor Luis Carvalho                            Rua do Cravo00000      0768078740000000000000000000                                         000001
1AAA            AAA                            AA2414510      20220108 N B        00000000000000            0100001841772301220000000041913         OS0801220000         0002301220000000000000             00000000000000 00076557185470              Marcio Luis Lorenzo Aragao                Quadra 207 Sul Alameda 500000      0770152980000000000000000000                                         000001
1AAA            AAA                            AA2088337      20220108 N B        00000005160000            0100007003502301220000000030567         OS0801220000           02301220000000000000             00000000000000 00064314422459                    Stella Joana Moreira                                  Rua 2200000      0770600220000000000000000000                                         000001
1AAA            AAA                            AA2552995      20220108 N B        00000005530000            0100000396922301220000000000832         OS0801220000         0032301220000000000000             00000000000000 00030570834120               Elza Marlene Vera da Rosa                       Rua Padre Rodolfo00000      0631131200000000000000000000                                         000001
1AAA            AAA                            AA2311984      20220108 N B        00000000000000            0100007217292301220000000077321         OS0801220000           02301220000000000000             00000000000000 00074470543721                   Lorenzo Marcio Barros             Rua Coronel Severino Lucena00000      0580381600000000000000000000                                         000001

9198721121                                                                                                                                                                                                                                                                                                                                                                                               000001
