01REMESSA01       COBRANCA2112151450629000174                               987         EXIMIA                0000001                                                                                                                                                                                                                                                                                  200000001
1AAA            AAA                            AA2403189      20220113 N B        00000000000000            0100007009272801220000000027943         OS1301220000           02801220000000000000             00000000000000 00085236044480  Gabriel Osvaldo Alexandre da Conceicao                      Rua Ismael Benigno00000      0690273250000000000000000000                                         000001
1AAA            AAA                            AA2840062      20220113 N B        00000000000000            0100003278452801220000000077288         OS1301220000         0002801220000000000000             00000000000000 00035290344012                       Henry Theo Araujo                   Travessa Santa Tereza00000      0412105100000000000000000000                                         000001
1AAA            AAA                            AA2230519      20220113 N B        00000000000000            0100009361232801220000000035832         OS1301220000           02801220000000000000             00000000000000 00011102320633         Julio Oliver Marcelo Corte Real                        Rua Massaranduba00000      0693073000000000000000000000                                         000001
1AAA            AAA                            AA2982985      20220113 N B        00000005160000            0100000701042801220000000024583         OS1301220000         0192801220000000000000             00000000000000 00011903491320             Murilo Edson Caue das Neves                        Avenida Jambeiro00000      0689093220000000000000000000                                         000001
1AAA            AAA                            AA2499413      20220113 N B        00000000000000            0100003123622801220000000063190         OS1301220000         0002801220000000000000             00000000000000 00031111612269                     Luan Ryan Rodrigues                             Beco Tamisa00000      0690635180000000000000000000                                         000001
1AAA            AAA                            AA2352319      20220113 N B        00000000000000            0100003311562801220000000028724         OS1301220000         0002801220000000000000             00000000000000 00062420361423                      Julio Isaac Santos            Rua Nossa Senhora da Vitoria00000      0650572300000000000000000000                                         000001
1AAA            AAA                            AA2690413      20220113 N B        00000000000000            0100001937292801220000000017360         OS1301220000           02801220000000000000             00000000000000 00035343377351        Vinicius Henrique Filipe Pereira                        Via dos Narcisos00000      0068053200000000000000000000                                         000001
1AAA            AAA                            AA2269903      20220113 N B        00000005930000            0100002467282801220000000005044         OS1301220000           02801220000000000000             00000000000000 00026906620789            Roberto Kaique Manoel da Paz                           Rua Projetada00000      0640206600000000000000000000                                         000001
1AAA            AAA                            AA2679452      20220113 N B        00000000000000            0100003547122801220000000091529         OS1301220000         0002801220000000000000             00000000000000 00020811585239               Marlene Sophia Elza Sales                                 Rua 33900000      0605307500000000000000000000                                         000001
1AAA            AAA                            AA2560871      20220113 N B        00000000000000            0100009068302801220000000089614         OS1301220000         0002801220000000000000             00000000000000 00011966663420                   Isabel Eliane Freitas                             Rua Xavante00000      0660871700000000000000000000                                         000001
1AAA            AAA                            AA2342882      20220113 N B        00000000960000            0100008972092801220000000017275         OS1301220000         0242801220000000000000             00000000000000 00064964216500           Sara Eliane Aparecida Drumond                      Chacara Chacara 1500000      0725791500000000000000000000                                         000001
1AAA            AAA                            AA2730660      20220113 N B        00000000000000            0100009906072801220000000015081         OS1301220000         0002801220000000000000             00000000000000 00013908341825               Yuri Tiago Bruno Oliveira                   Avenida Procopio Rola00000      0689010760000000000000000000                                         000001
1AAA            AAA                            AA2281963      20220113 N B        00000001450000            0100001194722801220000000032115         OS1301220000           02801220000000000000             00000000000000 00058474964199     Adriana Daniela Alessandra de Paula                         Rua Bons Amigos00000      0699220120000000000000000000                                         000001
1AAA            AAA                            AA2249337      20220113 N B        00000004140000            0100009960782801220000000001606         OS1301220000         0152801220000000000000             00000000000000 00007440910397               Carla Flavia Rosa da Mota             Avenida Daniel de La Touche00000      0650610200000000000000000000                                         000001
1AAA            AAA                            AA2396615      20220113 N B        00000000000000            0100000048672801220000000064888         OS1301220000         0002801220000000000000             00000000000000 00038549882224           Manoel Murilo Sebastiao Moura                   Praca Gudesteu Mendes00000      0360364300000000000000000000                                         000001
1AAA            AAA                            AA2492889      20220113 N B        00000000000000            0100006365442801220000000035178         OS1301220000         0002801220000000000000             00000000000000 00019814477761              Luis Marcio Benedito Sales                            Avenida W00200000      0758051550000000000000000000                                         000001
1AAA            AAA                            AA2714393      20220113 N B        00000001700000            0100004226002801220000000039369         OS1301220000         0022801220000000000000             00000000000000 00002551594804             Vitor Henry Benicio Cardoso                        Rua Julio Guerra00000      0769074140000000000000000000                                         000001
1AAA            AAA                            AA2943420      20220113 N B        00000001690000            0100003190902801220000000017127         OS1301220000         0012801220000000000000             00000000000000 00052926594445                   Gabriel Lucas Cardoso           Rua Transversal Quarenta e Um00000      0238251750000000000000000000                                         000001
1AAA            AAA                            AA2601156      20220113 N B        00000002330000            0100009135102801220000000071986         OS1301220000           02801220000000000000             00000000000000 00061793237980                    Raquel Mirella Brito                                Rua C  200000      0570256480000000000000000000                                         000001
1AAA            AAA                            AA2904444      20220113 N B        00000000000000            0100004053482801220000000076312         OS1301220000           02801220000000000000             00000000000000 00021897530900                  Eloa Sophia Corte Real                          Avenida Cuiaba00000      0769636650000000000000000000                                         000001
1AAA            AAA                            AA2403948      20220113 N B        00000009960000            0100003105222801220000000003180         OS1301220000         0072801220000000000000             00000000000000 00072119671028        Nathan Marcelo Leonardo da Rocha                       Rua dos Diamantes00000      0291560220000000000000000000                                         000001
1AAA            AAA                            AA2064724      20220113 N B        00000002780000            0100009397572801220000000034777         OS1301220000           02801220000000000000             00000000000000 00020378695509              Henrique Erick Renan Costa               Avenida Euclides da Cunha00000      0689012570000000000000000000                                         000001
1AAA            AAA                            AA2684092      20220113 N B        00000000000000            0100001845322801220000000028955         OS1301220000         0002801220000000000000             00000000000000 00098275916143                Vicente Antonio da Rocha                         Rua Rio Tulipas00000      0535705100000000000000000000                                         000001
1AAA            AAA                            AA2893008      20220113 N B        00000000920000            0100001877302801220000000071813         OS1301220000         0032801220000000000000             00000000000000 00026280092348                 Murilo Kaique Goncalves    Rua Padre Dorindo de Oliveira Matias00000      0072614400000000000000000000                                         000001
1AAA            AAA                            AA2497095      20220113 N B        00000000000000            0100004844512801220000000035158         OS1301220000         0002801220000000000000             00000000000000 00023185177894            Breno Caua Lorenzo Rodrigues                         Rua Coelho Neto00000      0291632410000000000000000000                                         000001
1AAA            AAA                            AA2493210      20220113 N B        00000000000000            0100000646292801220000000050942         OS1301220000         0002801220000000000000             00000000000000 00001055696075   Filipe Pedro Henrique Raimundo Barros           Rua Raimundo da Silva Briglia00000      0693125250000000000000000000                                         000001
1AAA            AAA                            AA2713614      20220113 N B        00000006290000            0100005393152801220000000092573         OS1301220000         0022801220000000000000             00000000000000 00018881446022              Ian Mario Julio Corte RealConjunto Residencial Jose Batista de Alm00000      0570257100000000000000000000                                         000001
1AAA            AAA                            AA2785697      20220113 N B        00000003830000            0100003482552801220000000039377         OS1301220000         0022801220000000000000             00000000000000 00017615644470              Ayla Jennifer Rita da Cruz            Rua Doutor Francisco Beltrao00000      0855065400000000000000000000                                         000001
1AAA            AAA                            AA2838790      20220113 N B        00000007700000            0100005608382801220000000001946         OS1301220000         0372801220000000000000             00000000000000 00034993742428                 Emanuel Lorenzo Moreira        Avenida Delfino Francisco Xavier00000      0306641900000000000000000000                                         000001
1AAA            AAA                            AA2581412      20220113 N B        00000002520000            0100003981042801220000000075272         OS1301220000           02801220000000000000             00000000000000 00027478105009                     Levi Marcio Ribeiro                        Rua Andre Vilain00000      0880251600000000000000000000                                         000001
1AAA            AAA                            AA2387458      20220113 N B        00000005650000            0100004440142801220000000094739         OS1301220000         0092801220000000000000             00000000000000 00094593840058             Iago Paulo Vicente da Silva     Rua Professora Marisa Machado David00000      0180222900000000000000000000                                         000001
1AAA            AAA                            AA2941495      20220113 N B        00000007680000            0100003188742801220000000000241         OS1301220000         0272801220000000000000             00000000000000 00069814747190                  Eduarda Aparecida Melo                     Rua das Laranjeiras00000      0768115320000000000000000000                                         000001
1AAA            AAA                            AA2869349      20220113 N B        00000000000000            0100003607462801220000000030842         OS1301220000         0002801220000000000000             00000000000000 00076948506984                   Teresinha Lais Mendes                     Rua Joao Lira Braga00000      0588043300000000000000000000                                         000001
1AAA            AAA                            AA2495074      20220113 N B        00000007680000            0100006677212801220000000094644         OS1301220000           02801220000000000000             00000000000000 00002330065167              Alice Amanda Aurora Barros                          Rua Jacob Lyra00000      0133464040000000000000000000                                         000001
1AAA            AAA                            AA2726269      20220113 N B        00000006830000            0100003334072801220000000057251         OS1301220000           02801220000000000000             00000000000000 00035349410989                 Mirella Marcela Barbosa              Rua Maria da Gloria Castro00000      0360603840000000000000000000                                         000001
1AAA            AAA                            AA2594601      20220113 N B        00000008330000            0100002661852801220000000033659         OS1301220000         0392801220000000000000             00000000000000 00031644770407              Henrique Raul Filipe Pires                  Rua Lea Pabst Craveiro00000      0524901300000000000000000000                                         000001
1AAA            AAA                            AA2811907      20220113 N B        00000000000000            0100007854502801220000000051144         OS1301220000         0002801220000000000000             00000000000000 00025503068564           Rebeca Sophia Claudia Cardoso                                   Rua F00000      0249300080000000000000000000                                         000001
1AAA            AAA                            AA2700207      20220113 N B        00000001320000            0100008415842801220000000041632         OS1301220000         0022801220000000000000             00000000000000 00005435344212                   Camila Elaine Peixoto                      Rua Jardim do Eden00000      0690395200000000000000000000                                         000001
1AAA            AAA                            AA2819903      20220113 N B        00000000000000            0100005994052801220000000018077         OS1301220000         0002801220000000000000             00000000000000 00055423211271                     Maite Sophie Galvao                                   Rua 400000      0778148060000000000000000000                                         000001
1AAA            AAA                            AA2781035      20220113 N B        00000000000000            0100005372312801220000000071050         OS1301220000           02801220000000000000             00000000000000 00070751126195         Rosangela Maya Mariah Goncalves                        Travessa Anhanga00000      0417705700000000000000000000                                         000001
1AAA            AAA                            AA2906602      20220113 N B        00000000000000            0100000820382801220000000096329         OS1301220000           02801220000000000000             00000000000000 00062801611026             Jorge Severino Calebe Porto                           Rua Luiz Noya00000      0261131500000000000000000000                                         000001
1AAA            AAA                            AA2635587      20220113 N B        00000001380000            0100002312802801220000000000126         OS1301220000           02801220000000000000             00000000000000 00088630820659               Diego Samuel Nelson Ramos           Travessa Isaac Jose Rodrigues00000      0490374560000000000000000000                                         000001
1AAA            AAA                            AA2812375      20220113 N B        00000000000000            0100003275232801220000000079927         OS1301220000         0002801220000000000000             00000000000000 00096699265725                    Leandro Ryan Moreira                  Rua Adolpho Bressanini00000      0890705440000000000000000000                                         000001
1AAA            AAA                            AA2452059      20220113 N B        00000000220000            0100000293252801220000000033921         OS1301220000         0062801220000000000000             00000000000000 00019357524053                     Leonardo Luan Porto                   Rua Leocadio Carlesso00000      0291954330000000000000000000                                         000001
1AAA            AAA                            AA2768260      20220113 N B        00000009980000            0100009901422801220000000000998         OS1301220000           02801220000000000000             00000000000000 00001439066230                     Lucca Daniel Mendes                     Rua Ataide Henrique00000      0573087180000000000000000000                                         000001
1AAA            AAA                            AA2753913      20220113 N B        00000002460000            0100004164562801220000000038348         OS1301220000         0112801220000000000000             00000000000000 00041006509909        Eduarda Maya Pietra da Conceicao        Alameda Domingos Afonso Mafrense00000      0640047700000000000000000000                                         000001
1AAA            AAA                            AA2218572      20220113 N B        00000007960000            0100007271722801220000000066449         OS1301220000         0132801220000000000000             00000000000000 00094224438810          Nicolas Miguel Augusto da Cruz                  Avenida Venezuela 137800000      0693049700000000000000000000                                         000001
1AAA            AAA                            AA2736465      20220113 N B        00000000000000            0100005509042801220000000015333         OS1301220000           02801220000000000000             00000000000000 00041735817422              Alicia Bianca Alice Barros                     Rua Francisco Pinto00000      0576083000000000000000000000                                         000001
1AAA            AAA                            AA2912475      20220113 N B        00000008540000            0100000341112801220000000059714         OS1301220000           02801220000000000000             00000000000000 00039710763199               Elza Kamilly Sara Moreira                       Rua Dois Coracoes00000      0291442750000000000000000000                                         000001
1AAA            AAA                            AA2990696      20220113 N B        00000003450000            0100008655092801220000000027795         OS1301220000           02801220000000000000             00000000000000 00001080358080    Murilo Vicente Pedro Henrique Vieira                    Travessa da Soledade00000      0668110250000000000000000000                                         000001
1AAA            AAA                            AA2400193      20220113 N B        00000000000000            0100003441402801220000000020623         OS1301220000         0002801220000000000000             00000000000000 00085423737230               Alessandra Sophia da Cruz                             Vila Casais00000      0401007800000000000000000000                                         000001
1AAA            AAA                            AA2693036      20220113 N B        00000000820000            0100004260402801220000000095153         OS1301220000         0012801220000000000000             00000000000000 00072049352760          Laura Brenda Sebastiana Farias                1 Travessa Campos Franca00000      0407501080000000000000000000                                         000001
1AAA            AAA                            AA2036602      20220113 N B        00000000000000            0100001638992801220000000006641         OS1301220000           02801220000000000000             00000000000000 00087846630814                Fabiana Silvana Oliveira                  Beco Carpinteiro Peres00000      0690206900000000000000000000                                         000001
1AAA            AAA                            AA2515440      20220113 N B        00000006390000            0100007252732801220000000017916         OS1301220000         0142801220000000000000             00000000000000 00056804649265               Julia Alessandra Silveira                Rua Antonio Jose de Melo00000      0596314810000000000000000000                                         000001
1AAA            AAA                            AA2140213      20220113 N B        00000000280000            0100008953052801220000000055552         OS1301220000         0002801220000000000000             00000000000000 00086603338700           Anthony Victor Benicio Araujo                         Estrada Parolin00000      0870477710000000000000000000                                         000001
1AAA            AAA                            AA2625048      20220113 N B        00000001570000            0100008083852801220000000016689         OS1301220000           02801220000000000000             00000000000000 00028742622859               Noah Victor Luis Carvalho                            Rua do Cravo00000      0768078740000000000000000000                                         000001
1AAA            AAA                            AA2367520      20220113 N B        00000005500000            0100001665902801220000000074113         OS1301220000         0032801220000000000000             00000000000000 00076557185470              Marcio Luis Lorenzo Aragao                Quadra 207 Sul Alameda 500000      0770152980000000000000000000                                         000001
1AAA            AAA                            AA2774809      20220113 N B        00000000000000            0100006559612801220000000082215         OS1301220000           02801220000000000000             00000000000000 00064314422459                    Stella Joana Moreira                                  Rua 2200000      0770600220000000000000000000                                         000001
1AAA            AAA                            AA2751968      20220113 N B        00000000000000            0100001381742801220000000070418         OS1301220000           02801220000000000000             00000000000000 00030570834120               Elza Marlene Vera da Rosa                       Rua Padre Rodolfo00000      0631131200000000000000000000                                         000001
1AAA            AAA                            AA2267011      20220113 N B        00000000000000            0100005371572801220000000004307         OS1301220000           02801220000000000000             00000000000000 00074470543721                   Lorenzo Marcio Barros             Rua Coronel Severino Lucena00000      0580381600000000000000000000                                         000001

9198721121                                                                                                                                                                                                                                                                                                                                                                                               00001
