01REMESSA01       COBRANCA2112151450629000174                               987         EXIMIA               0000001                                                                                                                                                                                                                                                                                  200000001
1AAA            AAA                            AA2432356      20220110 N B        00000000000000            0100008806672501220000000011345         OS1001220000           02501220000000000000             00000000000000 00085236044480  Gabriel Osvaldo Alexandre da Conceicao                      Rua Ismael Benigno00000      0690273250000000000000000000                                         000001
1AAA            AAA                            AA2942259      20220110 N B        00000000000000            0100009251172501220000000006782         OS1001220000           02501220000000000000             00000000000000 00035290344012                       Henry Theo Araujo                   Travessa Santa Tereza00000      0412105100000000000000000000                                         000001
1AAA            AAA                            AA2614525      20220110 N B        00000003350000            0100007354192501220000000020311         OS1001220000           02501220000000000000             00000000000000 00011102320633         Julio Oliver Marcelo Corte Real                        Rua Massaranduba00000      0693073000000000000000000000                                         000001
1AAA            AAA                            AA2606982      20220110 N B        00000002670000            0100001052132501220000000001678         OS1001220000         0122501220000000000000             00000000000000 00011903491320             Murilo Edson Caue das Neves                        Avenida Jambeiro00000      0689093220000000000000000000                                         000001
1AAA            AAA                            AA2647457      20220110 N B        00000000000000            0100001800972501220000000023876         OS1001220000         0002501220000000000000             00000000000000 00031111612269                     Luan Ryan Rodrigues                             Beco Tamisa00000      0690635180000000000000000000                                         000001
1AAA            AAA                            AA2391092      20220110 N B        00000000000000            0100002353392501220000000007713         OS1001220000         0002501220000000000000             00000000000000 00062420361423                      Julio Isaac Santos            Rua Nossa Senhora da Vitoria00000      0650572300000000000000000000                                         000001
1AAA            AAA                            AA2418094      20220110 N B        00000001470000            0100001997652501220000000023163         OS1001220000         0002501220000000000000             00000000000000 00035343377351        Vinicius Henrique Filipe Pereira                        Via dos Narcisos00000      0068053200000000000000000000                                         000001
1AAA            AAA                            AA2333373      20220110 N B        00000000000000            0100004132532501220000000084814         OS1001220000         0002501220000000000000             00000000000000 00026906620789            Roberto Kaique Manoel da Paz                           Rua Projetada00000      0640206600000000000000000000                                         000001
1AAA            AAA                            AA2684114      20220110 N B        00000000000000            0100003246002501220000000030490         OS1001220000           02501220000000000000             00000000000000 00020811585239               Marlene Sophia Elza Sales                                 Rua 33900000      0605307500000000000000000000                                         000001
1AAA            AAA                            AA2333560      20220110 N B        00000000000000            0100009556032501220000000076790         OS1001220000         0002501220000000000000             00000000000000 00011966663420                   Isabel Eliane Freitas                             Rua Xavante00000      0660871700000000000000000000                                         000001
1AAA            AAA                            AA2505303      20220110 N B        00000000640000            0100004067402501220000000063672         OS1001220000         0022501220000000000000             00000000000000 00064964216500           Sara Eliane Aparecida Drumond                      Chacara Chacara 1500000      0725791500000000000000000000                                         000001
1AAA            AAA                            AA2341572      20220110 N B        00000000000000            0100004368182501220000000029421         OS1001220000         0002501220000000000000             00000000000000 00013908341825               Yuri Tiago Bruno Oliveira                   Avenida Procopio Rola00000      0689010760000000000000000000                                         000001
1AAA            AAA                            AA2966186      20220110 N B        00000000000000            0100007759022501220000000077222         OS1001220000           02501220000000000000             00000000000000 00058474964199     Adriana Daniela Alessandra de Paula                         Rua Bons Amigos00000      0699220120000000000000000000                                         000001
1AAA            AAA                            AA2237252      20220110 N B        00000000000000            0100009286392501220000000099484         OS1001220000         0002501220000000000000             00000000000000 00007440910397               Carla Flavia Rosa da Mota             Avenida Daniel de La Touche00000      0650610200000000000000000000                                         000001
1AAA            AAA                            AA2881621      20220110 N B        00000000000000            0100009656602501220000000085519         OS1001220000           02501220000000000000             00000000000000 00038549882224           Manoel Murilo Sebastiao Moura                   Praca Gudesteu Mendes00000      0360364300000000000000000000                                         000001
1AAA            AAA                            AA2640891      20220110 N B        00000000000000            0100007743922501220000000001090         OS1001220000           02501220000000000000             00000000000000 00019814477761              Luis Marcio Benedito Sales                            Avenida W00200000      0758051550000000000000000000                                         000001
1AAA            AAA                            AA2172237      20220110 N B        00000000000000            0100006949152501220000000009187         OS1001220000           02501220000000000000             00000000000000 00002551594804             Vitor Henry Benicio Cardoso                        Rua Julio Guerra00000      0769074140000000000000000000                                         000001
1AAA            AAA                            AA2617742      20220110 N B        00000009680000            0100005981352501220000000001849         OS1001220000         0232501220000000000000             00000000000000 00052926594445                   Gabriel Lucas Cardoso           Rua Transversal Quarenta e Um00000      0238251750000000000000000000                                         000001
1AAA            AAA                            AA2396006      20220110 N B        00000001710000            0100006449632501220000000085317         OS1001220000           02501220000000000000             00000000000000 00061793237980                    Raquel Mirella Brito                                Rua C  200000      0570256480000000000000000000                                         000001
1AAA            AAA                            AA2446728      20220110 N B        00000000000000            0100005356162501220000000073510         OS1001220000           02501220000000000000             00000000000000 00021897530900                  Eloa Sophia Corte Real                          Avenida Cuiaba00000      0769636650000000000000000000                                         000001
1AAA            AAA                            AA2998317      20220110 N B        00000000160000            0100008910572501220000000015152         OS1001220000           02501220000000000000             00000000000000 00072119671028        Nathan Marcelo Leonardo da Rocha                       Rua dos Diamantes00000      0291560220000000000000000000                                         000001
1AAA            AAA                            AA2027679      20220110 N B        00000000000000            0100000882822501220000000058847         OS1001220000         0002501220000000000000             00000000000000 00020378695509              Henrique Erick Renan Costa               Avenida Euclides da Cunha00000      0689012570000000000000000000                                         000001
1AAA            AAA                            AA2368048      20220110 N B        00000000000000            0100002010712501220000000058766         OS1001220000         0002501220000000000000             00000000000000 00098275916143                Vicente Antonio da Rocha                         Rua Rio Tulipas00000      0535705100000000000000000000                                         000001
1AAA            AAA                            AA2563269      20220110 N B        00000002760000            0100000944742501220000000079158         OS1001220000         0082501220000000000000             00000000000000 00026280092348                 Murilo Kaique Goncalves    Rua Padre Dorindo de Oliveira Matias00000      0072614400000000000000000000                                         000001
1AAA            AAA                            AA2748965      20220110 N B        00000000000000            0100007385122501220000000065030         OS1001220000           02501220000000000000             00000000000000 00023185177894            Breno Caua Lorenzo Rodrigues                         Rua Coelho Neto00000      0291632410000000000000000000                                         000001
1AAA            AAA                            AA2468373      20220110 N B        00000002360000            0100008755692501220000000058857         OS1001220000         0062501220000000000000             00000000000000 00001055696075   Filipe Pedro Henrique Raimundo Barros           Rua Raimundo da Silva Briglia00000      0693125250000000000000000000                                         000001
1AAA            AAA                            AA2279458      20220110 N B        00000009720000            0100004431882501220000000078545         OS1001220000           02501220000000000000             00000000000000 00018881446022              Ian Mario Julio Corte RealConjunto Residencial Jose Batista de Alm00000      0570257100000000000000000000                                         000001
1AAA            AAA                            AA2579382      20220110 N B        00000003550000            0100009376782501220000000077181         OS1001220000           02501220000000000000             00000000000000 00017615644470              Ayla Jennifer Rita da Cruz            Rua Doutor Francisco Beltrao00000      0855065400000000000000000000                                         000001
1AAA            AAA                            AA2012258      20220110 N B        00000000000000            0100003227892501220000000079990         OS1001220000         0002501220000000000000             00000000000000 00034993742428                 Emanuel Lorenzo Moreira        Avenida Delfino Francisco Xavier00000      0306641900000000000000000000                                         000001
1AAA            AAA                            AA2741766      20220110 N B        00000001260000            0100004598652501220000000006197         OS1001220000         0052501220000000000000             00000000000000 00027478105009                     Levi Marcio Ribeiro                        Rua Andre Vilain00000      0880251600000000000000000000                                         000001
1AAA            AAA                            AA2888393      20220110 N B        00000000000000            0100009972512501220000000052077         OS1001220000         0002501220000000000000             00000000000000 00094593840058             Iago Paulo Vicente da Silva     Rua Professora Marisa Machado David00000      0180222900000000000000000000                                         000001
1AAA            AAA                            AA2898539      20220110 N B        00000007220000            0100004078712501220000000005519         OS1001220000         0182501220000000000000             00000000000000 00069814747190                  Eduarda Aparecida Melo                     Rua das Laranjeiras00000      0768115320000000000000000000                                         000001
1AAA            AAA                            AA2229163      20220110 N B        00000008530000            0100002983042501220000000036552         OS1001220000         0232501220000000000000             00000000000000 00076948506984                   Teresinha Lais Mendes                     Rua Joao Lira Braga00000      0588043300000000000000000000                                         000001
1AAA            AAA                            AA2583058      20220110 N B        00000001150000            0100008276552501220000000093027         OS1001220000           02501220000000000000             00000000000000 00002330065167              Alice Amanda Aurora Barros                          Rua Jacob Lyra00000      0133464040000000000000000000                                         000001
1AAA            AAA                            AA2905699      20220110 N B        00000000000000            0100001173732501220000000047219         OS1001220000           02501220000000000000             00000000000000 00035349410989                 Mirella Marcela Barbosa              Rua Maria da Gloria Castro00000      0360603840000000000000000000                                         000001
1AAA            AAA                            AA2564968      20220110 N B        00000000600000            0100008381172501220000000071291         OS1001220000           02501220000000000000             00000000000000 00031644770407              Henrique Raul Filipe Pires                  Rua Lea Pabst Craveiro00000      0524901300000000000000000000                                         000001
1AAA            AAA                            AA2029048      20220110 N B        00000007820000            0100007078062501220000000083041         OS1001220000           02501220000000000000             00000000000000 00025503068564           Rebeca Sophia Claudia Cardoso                                   Rua F00000      0249300080000000000000000000                                         000001
1AAA            AAA                            AA2857409      20220110 N B        00000000150000            0100000902542501220000000093824         OS1001220000           02501220000000000000             00000000000000 00005435344212                   Camila Elaine Peixoto                      Rua Jardim do Eden00000      0690395200000000000000000000                                         000001
1AAA            AAA                            AA2225605      20220110 N B        00000009120000            0100004056262501220000000061066         OS1001220000           02501220000000000000             00000000000000 00055423211271                     Maite Sophie Galvao                                   Rua 400000      0778148060000000000000000000                                         000001
1AAA            AAA                            AA2582822      20220110 N B        00000000000000            0100006296992501220000000058269         OS1001220000           02501220000000000000             00000000000000 00070751126195         Rosangela Maya Mariah Goncalves                        Travessa Anhanga00000      0417705700000000000000000000                                         000001
1AAA            AAA                            AA2517371      20220110 N B        00000007590000            0100003429882501220000000052976         OS1001220000           02501220000000000000             00000000000000 00062801611026             Jorge Severino Calebe Porto                           Rua Luiz Noya00000      0261131500000000000000000000                                         000001
1AAA            AAA                            AA2238570      20220110 N B        00000000000000            0100006869592501220000000043041         OS1001220000         0002501220000000000000             00000000000000 00088630820659               Diego Samuel Nelson Ramos           Travessa Isaac Jose Rodrigues00000      0490374560000000000000000000                                         000001
1AAA            AAA                            AA2282913      20220110 N B        00000005560000            0100000104982501220000000038444         OS1001220000           02501220000000000000             00000000000000 00096699265725                    Leandro Ryan Moreira                  Rua Adolpho Bressanini00000      0890705440000000000000000000                                         000001
1AAA            AAA                            AA2065132      20220110 N B        00000000000000            0100003576612501220000000079386         OS1001220000         0002501220000000000000             00000000000000 00019357524053                     Leonardo Luan Porto                   Rua Leocadio Carlesso00000      0291954330000000000000000000                                         000001
1AAA            AAA                            AA2337153      20220110 N B        00000000000000            0100001716402501220000000042696         OS1001220000           02501220000000000000             00000000000000 00001439066230                     Lucca Daniel Mendes                     Rua Ataide Henrique00000      0573087180000000000000000000                                         000001
1AAA            AAA                            AA2693412      20220110 N B        00000009440000            0100009051982501220000000011964         OS1001220000         0142501220000000000000             00000000000000 00041006509909        Eduarda Maya Pietra da Conceicao        Alameda Domingos Afonso Mafrense00000      0640047700000000000000000000                                         000001
1AAA            AAA                            AA2732830      20220110 N B        00000000000000            0100002699992501220000000083182         OS1001220000         0002501220000000000000             00000000000000 00094224438810          Nicolas Miguel Augusto da Cruz                  Avenida Venezuela 137800000      0693049700000000000000000000                                         000001
1AAA            AAA                            AA2812364      20220110 N B        00000001160000            0100009327712501220000000015315         OS1001220000           02501220000000000000             00000000000000 00041735817422              Alicia Bianca Alice Barros                     Rua Francisco Pinto00000      0576083000000000000000000000                                         000001
1AAA            AAA                            AA2164501      20220110 N B        00000000000000            0100007315392501220000000009791         OS1001220000           02501220000000000000             00000000000000 00039710763199               Elza Kamilly Sara Moreira                       Rua Dois Coracoes00000      0291442750000000000000000000                                         000001
1AAA            AAA                            AA2390508      20220110 N B        00000000000000            0100004522982501220000000059222         OS1001220000         0002501220000000000000             00000000000000 00001080358080    Murilo Vicente Pedro Henrique Vieira                    Travessa da Soledade00000      0668110250000000000000000000                                         000001
1AAA            AAA                            AA2694403      20220110 N B        00000002850000            0100003516202501220000000009298         OS1001220000           02501220000000000000             00000000000000 00085423737230               Alessandra Sophia da Cruz                             Vila Casais00000      0401007800000000000000000000                                         000001
1AAA            AAA                            AA2851544      20220110 N B        00000000000000            0100000198302501220000000037941         OS1001220000         0002501220000000000000             00000000000000 00072049352760          Laura Brenda Sebastiana Farias                1 Travessa Campos Franca00000      0407501080000000000000000000                                         000001
1AAA            AAA                            AA2603431      20220110 N B        00000000650000            0100008471792501220000000075173         OS1001220000         0022501220000000000000             00000000000000 00087846630814                Fabiana Silvana Oliveira                  Beco Carpinteiro Peres00000      0690206900000000000000000000                                         000001
1AAA            AAA                            AA2804274      20220110 N B        00000000460000            0100008567782501220000000074218         OS1001220000           02501220000000000000             00000000000000 00056804649265               Julia Alessandra Silveira                Rua Antonio Jose de Melo00000      0596314810000000000000000000                                         000001
1AAA            AAA                            AA2478871      20220110 N B        00000000000000            0100007990382501220000000074278         OS1001220000         0002501220000000000000             00000000000000 00086603338700           Anthony Victor Benicio Araujo                         Estrada Parolin00000      0870477710000000000000000000                                         000001
1AAA            AAA                            AA2505095      20220110 N B        00000000000000            0100009888702501220000000039487         OS1001220000           02501220000000000000             00000000000000 00028742622859               Noah Victor Luis Carvalho                            Rua do Cravo00000      0768078740000000000000000000                                         000001
1AAA            AAA                            AA2757912      20220110 N B        00000000000000            0100009710812501220000000007655         OS1001220000         0002501220000000000000             00000000000000 00076557185470              Marcio Luis Lorenzo Aragao                Quadra 207 Sul Alameda 500000      0770152980000000000000000000                                         000001
1AAA            AAA                            AA2068432      20220110 N B        00000000000000            0100006546582501220000000002711         OS1001220000         0002501220000000000000             00000000000000 00064314422459                    Stella Joana Moreira                                  Rua 2200000      0770600220000000000000000000                                         000001
1AAA            AAA                            AA2886191      20220110 N B        00000000000000            0100008482072501220000000050263         OS1001220000           02501220000000000000             00000000000000 00030570834120               Elza Marlene Vera da Rosa                       Rua Padre Rodolfo00000      0631131200000000000000000000                                         000001
1AAA            AAA                            AA2150075      20220110 N B        00000000000000            0100003280492501220000000034242         OS1001220000           02501220000000000000             00000000000000 00074470543721                   Lorenzo Marcio Barros             Rua Coronel Severino Lucena00000      0580381600000000000000000000                                         000001

9198721121                                                                                                                                                                                                                                                                                                                                                                                               000001
